<?xml version="1.0" encoding="UTF-8"?><collection xmlns="http://www.loc.gov/MARC21/slim"><record><leader>00654nam--2200193-i-4500</leader><controlfield tag="001">000042159</controlfield><controlfield tag="002">20161230</controlfield><controlfield tag="005">20161230201043</controlfield><controlfield tag="008">060222s1000------------r-----000-0-eng-d</controlfield><datafield ind1=" " ind2=" " tag="020"><subfield code="a">0080250297</subfield></datafield><datafield ind1=" " ind2=" " tag="040"><subfield code="a">IFIN-HH</subfield></datafield><datafield ind1=" " ind2=" " tag="080"><subfield code="a">539.1.074.5(061.3)</subfield></datafield><datafield ind1="1" ind2=" " tag="100"><subfield code="a">Francois, H</subfield></datafield><datafield ind1="1" ind2="0" tag="245"><subfield code="a">Solid state nuclear track detectors</subfield><subfield code="b">Proceedings of the 10th international conference lyon, 2-6 july 1979</subfield><subfield code="c">H.francois, n. kurtz, j.p. massue, m. monnin, r. schmitt, s.a.durrani (eds.)</subfield></datafield><datafield ind1=" " ind2=" " tag="260"><subfield code="a">Oxford,, 1978. 31+736 P</subfield><subfield code="b">Pergamon Press</subfield><subfield code="c">1980</subfield></datafield><datafield ind1=" " ind2=" " tag="300"><subfield code="a">1090P</subfield></datafield><datafield ind1="1" ind2=" " tag="700"><subfield code="a">Durrani, S.A</subfield></datafield><datafield ind1=" " ind2=" " tag="852"><subfield code="a">47967</subfield><subfield code="c">5391.07:539.1.08</subfield></datafield><datafield ind1=" " ind2=" " tag="CAT"><subfield code="a">Sys</subfield><subfield code="c">20111027</subfield><subfield code="h">144711</subfield></datafield></record></collection>